@misc{estadisticasFacturaElectronica,
  title={Estadísticas sobre el estado y evolución de la Factura Electrónica},
  author={{SII}},
  year={2024},
  url = {https://www.sii.cl/servicios_online/1039-estadistic-1182.html},
  urldate = {2024-12-31},
}

@misc{libreDTEGitHub,
  title={Proyecto código fuente GitHub libredte-lib-core},
  author={{LibreDTE}},
  year={2024},
  url = {https://github.com/LibreDTE/libredte-lib-core},
  urldate = {2024-12-31},
}

@misc{jaxbri,
  title={Eclipse Implementation of JAXB Release Documentation},
  author={{Eclipse Foundation, The Eclipse EE4J Project}},
  year={2024},
  url = {https://eclipse-ee4j.github.io/jaxb-ri/},
  urldate = {2024-12-31},
}

@misc{jakartaee,
  title={Jakarta EE},
  author={{Eclipse Foundation}},
  year={2024},
  url = {https://projects.eclipse.org/releases/jakarta-ee-9},
  urldate = {2024-12-31},
}
